<?xml version="1.0" encoding="UTF-8"?><record xmlns="http://www.loc.gov/MARC21/slim" xmlns:cinclude="http://apache.org/cocoon/include/1.0" xmlns:zs="http://www.loc.gov/zing/srw/">
  <leader>00484nz  a2200133n  4500</leader>
  <controlfield tag="001">no2004124109</controlfield>
  <controlfield tag="003">DLC</controlfield>
  <controlfield tag="005">20041228071012.0</controlfield>
  <controlfield tag="008">041227n| acannaabn          |n aaa     c</controlfield>
  <datafield tag="010" ind1=" " ind2=" ">
    <subfield code="a">no2004124109</subfield>
  </datafield>
  <datafield tag="035" ind1=" " ind2=" ">
    <subfield code="a">(OCoLC)oca06525663</subfield>
  </datafield>
  <datafield tag="040" ind1=" " ind2=" ">
    <subfield code="a">DCS</subfield>
    <subfield code="b">eng</subfield>
    <subfield code="c">DCS</subfield>
  </datafield>
  <datafield tag="100" ind1="1" ind2=" ">
    <subfield code="a">Slayden, Ellen Maury,</subfield>
    <subfield code="d">1860-1926</subfield>
  </datafield>
  <datafield tag="670" ind1=" " ind2=" ">
    <subfield code="a">Washington wife, 1963:</subfield>
    <subfield code="b">t.p. (Ellen Maury Slayden) p. [387] (b. 1860, Charlottesville, Va.; d. 1926, San Antonio, Tex.; wife of James Luther Slayden, a Congressman from Texas)</subfield>
  </datafield>
</record>